<?xml version = "1.0" encoding = "UTF-8"?><record>
  <leader>00970nam#a2200289#ca4500</leader>
  <controlfield tag="005">20210407193723.0</controlfield>
  <controlfield tag="007">tu</controlfield>
  <controlfield tag="008">931111m19809999gw############|||#|#ger#c</controlfield>
  <controlfield tag="003">DE-605</controlfield>
  <controlfield tag="001">990048675780206441</controlfield>
  <datafield tag="016" ind1="7" ind2=" ">
    <subfield code="a">75089247</subfield>
    <subfield code="2">OCoLC</subfield>
  </datafield>
  <datafield tag="035" ind1=" " ind2=" ">
    <subfield code="a">(DE-605)HT003160768</subfield>
  </datafield>
  <datafield tag="040" ind1=" " ind2=" ">
    <subfield code="a">464</subfield>
    <subfield code="b">ger</subfield>
    <subfield code="d">385</subfield>
    <subfield code="e">rakwb</subfield>
  </datafield>
  <datafield tag="041" ind1=" " ind2=" ">
    <subfield code="a">ger</subfield>
  </datafield>
  <datafield tag="044" ind1=" " ind2=" ">
    <subfield code="c">XA-DE</subfield>
  </datafield>
  <datafield tag="084" ind1=" " ind2=" ">
    <subfield code="a">Regierungsbezirk M&#252;nster</subfield>
    <subfield code="0">https://nwbib.de/spatial#Q7920</subfield>
    <subfield code="2">nwbib</subfield>
    <subfield code="0">(uri) https://portal.dnb.de/opac.htm?method=simpleSearch&amp;cqlMode=true&amp;query=idn=04040613X</subfield>
    <subfield code="0">(uri) http://viaf.org/viaf/sourceID/DNB|04040613X</subfield>
  </datafield>
  <datafield tag="084" ind1=" " ind2=" ">
    <subfield code="a">Regionalplanung</subfield>
    <subfield code="0">https://nwbib.de/subjects#N572030</subfield>
    <subfield code="2">nwbib</subfield>
  </datafield>
  <datafield tag="110" ind1="1" ind2=" ">
    <subfield code="a">Regierungsbezirk M&#252;nster</subfield>
    <subfield code="0">(DE-588)4040613-1</subfield>
    <subfield code="4">aut</subfield>
    <subfield code="0">(uri) https://portal.dnb.de/opac.htm?method=simpleSearch&amp;cqlMode=true&amp;query=idn=04040613X</subfield>
    <subfield code="0">(uri) http://viaf.org/viaf/sourceID/DNB|04040613X</subfield>
    <subfield code="B">GND-04040613X</subfield>
  </datafield>
  <datafield tag="245" ind1="1" ind2="0">
    <subfield code="a">Gebietsentwicklungsplan / Regierungsbezirk M&#252;nster</subfield>
  </datafield>
  <datafield tag="264" ind1=" " ind2="1">
    <subfield code="a">M&#252;nster</subfield>
    <subfield code="b">Der Regierungspr&#228;sident</subfield>
    <subfield code="c">1980-</subfield>
  </datafield>
  <datafield tag="689" ind1="0" ind2="0">
    <subfield code="a">Regierungsbezirk M&#252;nster</subfield>
    <subfield code="D">g</subfield>
    <subfield code="0">(DE-588)4040613-1</subfield>
    <subfield code="0">(uri) https://portal.dnb.de/opac.htm?method=simpleSearch&amp;cqlMode=true&amp;query=idn=04040613X</subfield>
    <subfield code="0">(uri) http://viaf.org/viaf/sourceID/DNB|04040613X</subfield>
    <subfield code="B">GND-04040613X</subfield>
  </datafield>
  <datafield tag="689" ind1="0" ind2="1">
    <subfield code="a">Landesplanung</subfield>
    <subfield code="D">s</subfield>
    <subfield code="0">(DE-588)4034268-2</subfield>
    <subfield code="0">(uri) https://portal.dnb.de/opac.htm?method=simpleSearch&amp;cqlMode=true&amp;query=idn=040342689</subfield>
    <subfield code="0">(uri) http://viaf.org/viaf/sourceID/DNB|040342689</subfield>
    <subfield code="B">GND-040342689</subfield>
  </datafield>
  <datafield tag="960" ind1="1" ind2=" ">
    <subfield code="n">NWBib-6</subfield>
  </datafield>
  <datafield tag="964" ind1="0" ind2="s">
    <subfield code="F">030</subfield>
    <subfield code="A">a|1uc||||||27</subfield>
  </datafield>
  <datafield tag="964" ind1="0" ind2="s">
    <subfield code="F">050</subfield>
    <subfield code="A">a|||||||||||||</subfield>
  </datafield>
  <datafield tag="964" ind1="0" ind2="s">
    <subfield code="F">051</subfield>
    <subfield code="A">n|||||||</subfield>
  </datafield>
  <datafield tag="035" ind1=" " ind2=" ">
    <subfield code="a">(OCoLC)75089247</subfield>
    <subfield code="0">(uri) http://www.worldcat.org/oclc/75089247</subfield>
  </datafield>
  <datafield tag="MBD" ind1=" " ind2=" ">
    <subfield code="M">49HBZ_NETWORK</subfield>
    <subfield code="i">990048675780206441</subfield>
    <subfield code="n">HBZ Network</subfield>
  </datafield>
  <datafield tag="MBD" ind1=" " ind2=" ">
    <subfield code="M">49HBZ_UDE</subfield>
    <subfield code="i">990012334860206446</subfield>
    <subfield code="n">UB Duisburg-Essen</subfield>
  </datafield>
  <datafield tag="983" ind1=" " ind2=" ">
    <subfield code="b">MWED</subfield>
    <subfield code="9">LOCAL</subfield>
    <subfield code="M">49HBZ_UDE</subfield>
  </datafield>
  <datafield tag="983" ind1=" " ind2=" ">
    <subfield code="b">PXT</subfield>
    <subfield code="9">LOCAL</subfield>
    <subfield code="M">49HBZ_UDE</subfield>
  </datafield>
  <datafield tag="983" ind1=" " ind2=" ">
    <subfield code="b">MYJ</subfield>
    <subfield code="9">LOCAL</subfield>
    <subfield code="M">49HBZ_UDE</subfield>
  </datafield>
  <datafield tag="MNG" ind1=" " ind2=" ">
    <subfield code="c">System</subfield>
    <subfield code="f">ILS</subfield>
    <subfield code="i">marc21</subfield>
    <subfield code="k">01</subfield>
    <subfield code="e">false</subfield>
    <subfield code="d">2021-06-24 04:04:35 Europe/Berlin</subfield>
    <subfield code="g">004867578-HBZ01</subfield>
    <subfield code="j">60</subfield>
    <subfield code="a">import</subfield>
    <subfield code="b">2021-04-05 23:00:45 Europe/Berlin</subfield>
  </datafield>
  <datafield tag="H52" ind1="8" ind2="1">
    <subfield code="b">E0001</subfield>
    <subfield code="c">UNASSIGNED</subfield>
    <subfield code="8">22392521310006446</subfield>
  </datafield>
  <datafield tag="HOL" ind1=" " ind2=" ">
    <subfield code="b">2021-04-15 17:11:19</subfield>
    <subfield code="8">22392521310006446</subfield>
    <subfield code="M">49HBZ_UDE</subfield>
    <subfield code="g">false</subfield>
    <subfield code="a">import</subfield>
  </datafield>
  <datafield tag="GST" ind1=" " ind2=" ">
    <subfield code="a">Gebietsplanung</subfield>
    <subfield code="A">GND</subfield>
    <subfield code="B">GND-040342689</subfield>
    <subfield code="C">450</subfield>
  </datafield>
  <datafield tag="GST" ind1=" " ind2=" ">
    <subfield code="a">Landesentwicklungsplanung</subfield>
    <subfield code="A">GND</subfield>
    <subfield code="B">GND-040342689</subfield>
    <subfield code="C">450</subfield>
  </datafield>
  <datafield tag="GSI" ind1="7" ind2=" ">
    <subfield code="a">4034268-2</subfield>
    <subfield code="0">http://d-nb.info/gnd/4034268-2</subfield>
    <subfield code="2">gnd</subfield>
    <subfield code="A">GND</subfield>
    <subfield code="B">GND-040342689</subfield>
    <subfield code="C">024</subfield>
  </datafield>
  <datafield tag="GSI" ind1="7" ind2=" ">
    <subfield code="a">http://d-nb.info/gnd/4040613-1</subfield>
    <subfield code="2">uri</subfield>
    <subfield code="A">GND</subfield>
    <subfield code="B">GND-04040613X</subfield>
    <subfield code="C">024</subfield>
  </datafield>
  <datafield tag="GGN" ind1=" " ind2=" ">
    <subfield code="a">Bezirk Mu&#776;nster (Westf)</subfield>
    <subfield code="A">GND</subfield>
    <subfield code="B">GND-04040613X</subfield>
    <subfield code="C">451</subfield>
  </datafield>
  <datafield tag="GGN" ind1=" " ind2=" ">
    <subfield code="a">Regierungsbezirk Mu&#776;nster</subfield>
    <subfield code="x">Regierung</subfield>
    <subfield code="4">spio</subfield>
    <subfield code="4">http://d-nb.info/standards/elementset/gnd#variantName</subfield>
    <subfield code="w">r</subfield>
    <subfield code="i">Spitzenorgan</subfield>
    <subfield code="A">GND</subfield>
    <subfield code="B">GND-04040613X</subfield>
    <subfield code="C">451</subfield>
  </datafield>
  <datafield tag="GGN" ind1=" " ind2=" ">
    <subfield code="a">Regierungsbezirk Mu&#776;nster</subfield>
    <subfield code="x">Ko&#776;nigliche Regierung</subfield>
    <subfield code="4">spio</subfield>
    <subfield code="4">http://d-nb.info/standards/elementset/gnd#variantName</subfield>
    <subfield code="w">r</subfield>
    <subfield code="i">Spitzenorgan</subfield>
    <subfield code="A">GND</subfield>
    <subfield code="B">GND-04040613X</subfield>
    <subfield code="C">451</subfield>
  </datafield>
  <datafield tag="GGN" ind1=" " ind2=" ">
    <subfield code="a">Regierungsbezirk Mu&#776;nster</subfield>
    <subfield code="x">Regierungspra&#776;sident</subfield>
    <subfield code="4">spio</subfield>
    <subfield code="4">http://d-nb.info/standards/elementset/gnd#variantName</subfield>
    <subfield code="w">r</subfield>
    <subfield code="i">Spitzenorgan</subfield>
    <subfield code="A">GND</subfield>
    <subfield code="B">GND-04040613X</subfield>
    <subfield code="C">451</subfield>
  </datafield>
  <datafield tag="GGN" ind1=" " ind2=" ">
    <subfield code="a">Regierungsbezirk Mu&#776;nster</subfield>
    <subfield code="x">Bezirkstag</subfield>
    <subfield code="4">spio</subfield>
    <subfield code="4">http://d-nb.info/standards/elementset/gnd#variantName</subfield>
    <subfield code="w">r</subfield>
    <subfield code="i">Spitzenorgan</subfield>
    <subfield code="A">GND</subfield>
    <subfield code="B">GND-04040613X</subfield>
    <subfield code="C">451</subfield>
  </datafield>
  <datafield tag="GGN" ind1=" " ind2=" ">
    <subfield code="a">Regierungsbezirk Mu&#776;nster</subfield>
    <subfield code="x">Dezernat 45 3</subfield>
    <subfield code="4">spio</subfield>
    <subfield code="4">http://d-nb.info/standards/elementset/gnd#variantName</subfield>
    <subfield code="w">r</subfield>
    <subfield code="i">Spitzenorgan</subfield>
    <subfield code="A">GND</subfield>
    <subfield code="B">GND-04040613X</subfield>
    <subfield code="C">451</subfield>
  </datafield>
  <datafield tag="GGN" ind1=" " ind2=" ">
    <subfield code="a">Regierungsbezirk Mu&#776;nster</subfield>
    <subfield code="x">Bezirksregierung</subfield>
    <subfield code="4">spio</subfield>
    <subfield code="4">http://d-nb.info/standards/elementset/gnd#variantName</subfield>
    <subfield code="w">r</subfield>
    <subfield code="i">Spitzenorgan</subfield>
    <subfield code="A">GND</subfield>
    <subfield code="B">GND-04040613X</subfield>
    <subfield code="C">451</subfield>
  </datafield>
  <datafield tag="GGN" ind1=" " ind2=" ">
    <subfield code="a">Bezirksregierung Mu&#776;nster</subfield>
    <subfield code="A">GND</subfield>
    <subfield code="B">GND-04040613X</subfield>
    <subfield code="C">451</subfield>
  </datafield>
  <datafield tag="GGN" ind1=" " ind2=" ">
    <subfield code="a">Regierungsbezirk Mu&#776;nster</subfield>
    <subfield code="x">Schulabteilung</subfield>
    <subfield code="4">spio</subfield>
    <subfield code="4">http://d-nb.info/standards/elementset/gnd#variantName</subfield>
    <subfield code="w">r</subfield>
    <subfield code="i">Spitzenorgan</subfield>
    <subfield code="A">GND</subfield>
    <subfield code="B">GND-04040613X</subfield>
    <subfield code="C">451</subfield>
  </datafield>
  <datafield tag="GGN" ind1=" " ind2=" ">
    <subfield code="a">Regierungsbezirk Mu&#776;nster</subfield>
    <subfield code="x">Lehrerfortbildung</subfield>
    <subfield code="4">spio</subfield>
    <subfield code="4">http://d-nb.info/standards/elementset/gnd#variantName</subfield>
    <subfield code="w">r</subfield>
    <subfield code="i">Spitzenorgan</subfield>
    <subfield code="A">GND</subfield>
    <subfield code="B">GND-04040613X</subfield>
    <subfield code="C">451</subfield>
  </datafield>
  <datafield tag="GGN" ind1=" " ind2=" ">
    <subfield code="a">Regierungsbezirk Mu&#776;nster</subfield>
    <subfield code="x">Lehrer-Fort- und -Weiterbildung</subfield>
    <subfield code="4">spio</subfield>
    <subfield code="4">http://d-nb.info/standards/elementset/gnd#variantName</subfield>
    <subfield code="w">r</subfield>
    <subfield code="i">Spitzenorgan</subfield>
    <subfield code="A">GND</subfield>
    <subfield code="B">GND-04040613X</subfield>
    <subfield code="C">451</subfield>
  </datafield>
  <datafield tag="GGN" ind1=" " ind2=" ">
    <subfield code="a">Regierungsbezirk Mu&#776;nster</subfield>
    <subfield code="x">Dezernat 61</subfield>
    <subfield code="4">spio</subfield>
    <subfield code="4">http://d-nb.info/standards/elementset/gnd#variantName</subfield>
    <subfield code="w">r</subfield>
    <subfield code="i">Spitzenorgan</subfield>
    <subfield code="A">GND</subfield>
    <subfield code="B">GND-04040613X</subfield>
    <subfield code="C">451</subfield>
  </datafield>
  <datafield tag="GGN" ind1=" " ind2=" ">
    <subfield code="a">Regierungsbezirk Mu&#776;nster</subfield>
    <subfield code="x">Dezernat 45</subfield>
    <subfield code="4">spio</subfield>
    <subfield code="4">http://d-nb.info/standards/elementset/gnd#variantName</subfield>
    <subfield code="w">r</subfield>
    <subfield code="i">Spitzenorgan</subfield>
    <subfield code="A">GND</subfield>
    <subfield code="B">GND-04040613X</subfield>
    <subfield code="C">451</subfield>
  </datafield>
  <datafield tag="GSI" ind1="7" ind2=" ">
    <subfield code="a">http://d-nb.info/gnd/4040613-1</subfield>
    <subfield code="2">uri</subfield>
    <subfield code="A">GND</subfield>
    <subfield code="B">GND-04040613X</subfield>
    <subfield code="C">024</subfield>
  </datafield>
  <datafield tag="GGN" ind1=" " ind2=" ">
    <subfield code="a">Bezirk Mu&#776;nster (Westf)</subfield>
    <subfield code="A">GND</subfield>
    <subfield code="B">GND-04040613X</subfield>
    <subfield code="C">451</subfield>
  </datafield>
  <datafield tag="GGN" ind1=" " ind2=" ">
    <subfield code="a">Regierungsbezirk Mu&#776;nster</subfield>
    <subfield code="x">Regierung</subfield>
    <subfield code="4">spio</subfield>
    <subfield code="4">http://d-nb.info/standards/elementset/gnd#variantName</subfield>
    <subfield code="w">r</subfield>
    <subfield code="i">Spitzenorgan</subfield>
    <subfield code="A">GND</subfield>
    <subfield code="B">GND-04040613X</subfield>
    <subfield code="C">451</subfield>
  </datafield>
  <datafield tag="GGN" ind1=" " ind2=" ">
    <subfield code="a">Regierungsbezirk Mu&#776;nster</subfield>
    <subfield code="x">Ko&#776;nigliche Regierung</subfield>
    <subfield code="4">spio</subfield>
    <subfield code="4">http://d-nb.info/standards/elementset/gnd#variantName</subfield>
    <subfield code="w">r</subfield>
    <subfield code="i">Spitzenorgan</subfield>
    <subfield code="A">GND</subfield>
    <subfield code="B">GND-04040613X</subfield>
    <subfield code="C">451</subfield>
  </datafield>
  <datafield tag="GGN" ind1=" " ind2=" ">
    <subfield code="a">Regierungsbezirk Mu&#776;nster</subfield>
    <subfield code="x">Regierungspra&#776;sident</subfield>
    <subfield code="4">spio</subfield>
    <subfield code="4">http://d-nb.info/standards/elementset/gnd#variantName</subfield>
    <subfield code="w">r</subfield>
    <subfield code="i">Spitzenorgan</subfield>
    <subfield code="A">GND</subfield>
    <subfield code="B">GND-04040613X</subfield>
    <subfield code="C">451</subfield>
  </datafield>
  <datafield tag="GGN" ind1=" " ind2=" ">
    <subfield code="a">Regierungsbezirk Mu&#776;nster</subfield>
    <subfield code="x">Bezirkstag</subfield>
    <subfield code="4">spio</subfield>
    <subfield code="4">http://d-nb.info/standards/elementset/gnd#variantName</subfield>
    <subfield code="w">r</subfield>
    <subfield code="i">Spitzenorgan</subfield>
    <subfield code="A">GND</subfield>
    <subfield code="B">GND-04040613X</subfield>
    <subfield code="C">451</subfield>
  </datafield>
  <datafield tag="GGN" ind1=" " ind2=" ">
    <subfield code="a">Regierungsbezirk Mu&#776;nster</subfield>
    <subfield code="x">Dezernat 45 3</subfield>
    <subfield code="4">spio</subfield>
    <subfield code="4">http://d-nb.info/standards/elementset/gnd#variantName</subfield>
    <subfield code="w">r</subfield>
    <subfield code="i">Spitzenorgan</subfield>
    <subfield code="A">GND</subfield>
    <subfield code="B">GND-04040613X</subfield>
    <subfield code="C">451</subfield>
  </datafield>
  <datafield tag="GGN" ind1=" " ind2=" ">
    <subfield code="a">Regierungsbezirk Mu&#776;nster</subfield>
    <subfield code="x">Bezirksregierung</subfield>
    <subfield code="4">spio</subfield>
    <subfield code="4">http://d-nb.info/standards/elementset/gnd#variantName</subfield>
    <subfield code="w">r</subfield>
    <subfield code="i">Spitzenorgan</subfield>
    <subfield code="A">GND</subfield>
    <subfield code="B">GND-04040613X</subfield>
    <subfield code="C">451</subfield>
  </datafield>
  <datafield tag="GGN" ind1=" " ind2=" ">
    <subfield code="a">Bezirksregierung Mu&#776;nster</subfield>
    <subfield code="A">GND</subfield>
    <subfield code="B">GND-04040613X</subfield>
    <subfield code="C">451</subfield>
  </datafield>
  <datafield tag="GGN" ind1=" " ind2=" ">
    <subfield code="a">Regierungsbezirk Mu&#776;nster</subfield>
    <subfield code="x">Schulabteilung</subfield>
    <subfield code="4">spio</subfield>
    <subfield code="4">http://d-nb.info/standards/elementset/gnd#variantName</subfield>
    <subfield code="w">r</subfield>
    <subfield code="i">Spitzenorgan</subfield>
    <subfield code="A">GND</subfield>
    <subfield code="B">GND-04040613X</subfield>
    <subfield code="C">451</subfield>
  </datafield>
  <datafield tag="GGN" ind1=" " ind2=" ">
    <subfield code="a">Regierungsbezirk Mu&#776;nster</subfield>
    <subfield code="x">Lehrerfortbildung</subfield>
    <subfield code="4">spio</subfield>
    <subfield code="4">http://d-nb.info/standards/elementset/gnd#variantName</subfield>
    <subfield code="w">r</subfield>
    <subfield code="i">Spitzenorgan</subfield>
    <subfield code="A">GND</subfield>
    <subfield code="B">GND-04040613X</subfield>
    <subfield code="C">451</subfield>
  </datafield>
  <datafield tag="GGN" ind1=" " ind2=" ">
    <subfield code="a">Regierungsbezirk Mu&#776;nster</subfield>
    <subfield code="x">Lehrer-Fort- und -Weiterbildung</subfield>
    <subfield code="4">spio</subfield>
    <subfield code="4">http://d-nb.info/standards/elementset/gnd#variantName</subfield>
    <subfield code="w">r</subfield>
    <subfield code="i">Spitzenorgan</subfield>
    <subfield code="A">GND</subfield>
    <subfield code="B">GND-04040613X</subfield>
    <subfield code="C">451</subfield>
  </datafield>
  <datafield tag="GGN" ind1=" " ind2=" ">
    <subfield code="a">Regierungsbezirk Mu&#776;nster</subfield>
    <subfield code="x">Dezernat 61</subfield>
    <subfield code="4">spio</subfield>
    <subfield code="4">http://d-nb.info/standards/elementset/gnd#variantName</subfield>
    <subfield code="w">r</subfield>
    <subfield code="i">Spitzenorgan</subfield>
    <subfield code="A">GND</subfield>
    <subfield code="B">GND-04040613X</subfield>
    <subfield code="C">451</subfield>
  </datafield>
  <datafield tag="GGN" ind1=" " ind2=" ">
    <subfield code="a">Regierungsbezirk Mu&#776;nster</subfield>
    <subfield code="x">Dezernat 45</subfield>
    <subfield code="4">spio</subfield>
    <subfield code="4">http://d-nb.info/standards/elementset/gnd#variantName</subfield>
    <subfield code="w">r</subfield>
    <subfield code="i">Spitzenorgan</subfield>
    <subfield code="A">GND</subfield>
    <subfield code="B">GND-04040613X</subfield>
    <subfield code="C">451</subfield>
  </datafield>
</record>